@article{Georges_2004,
   title={The Mott transition: Unconventional transport, spectral weight transfers, and critical behaviour},
   volume={114},
   ISSN={1155-4339},
   url={http://dx.doi.org/10.1051/jp4:2004114040},
   DOI={10.1051/jp4:2004114040},
   journal={Journal de Physique IV (Proceedings)},
   publisher={EDP Sciences},
   author={Georges, A. and Florens, S. and Costi, T. A.},
   year={2004},
   month={Apr},
   pages={165â€“173}
}

@ARTICLE {Georges1996,
    author  = "Georges, Antoine and Kotliar, Gabriel and Krauth, Werner and Rozenberg, Marcelo J.",
    title   = "Dynamical mean-field theory of strongly correlated fermion systems and the limit of infinite dimensions",
    journal = "Reviews of Modern Physics",
    year    = "1996",
    month   = "Jan",
    volume  = "68",
    issue  = "1",
    pages   = "13--125",
    numpages = "112",
    doi = "10.1103/RevModPhys.68.13",
    url     = "https://link.aps.org/doi/10.1103/RevModPhys.68.13"
}

@ARTICLE {Vidberg1977,
    author = "Vidberg, H. J.
    and Serene, J. W.",
    title = "Solving the Eliashberg equations by means of N-point Pad{\'e} approximants",
    journal = "Journal of Low Temperature Physics",
    year = "1977",
    month = "Nov",
    day = "01",
    volume = "29",
    number = "3",
    pages = "179-192",
    issn = "1573-7357",
    doi = "10.1007/BF00655090",
    url = "https://doi.org/10.1007/BF00655090"
}

@article{NN_article,
  title = {Artificial Neural Network Approach to the Analytic Continuation Problem},
  author = {Fournier, Romain and Wang, Lei and Yazyev, Oleg V. and Wu, QuanSheng},
  journal = {Phys. Rev. Lett.},
  volume = {124},
  issue = {5},
  pages = {056401},
  numpages = {6},
  year = {2020},
  month = {Feb},
  publisher = {American Physical Society},
  doi = {10.1103/PhysRevLett.124.056401},
  url = {https://link.aps.org/doi/10.1103/PhysRevLett.124.056401}
}

@article{CNN_article,
  author = {Yoon, Hongkee and Sim, Jae-Hoon and Han, Myung Joon},
  journal = {arXiv:1806.03841v2}
}

